<?xml version="1.0" encoding="UTF-8"?>
<collection xmlns:xsi="http://www.w3.org/2001/XMLSchema-instance" xsi:schemaLocation="http://www.loc.gov/MARC21/slim http://www.loc.gov/standards/marcxml/schema/MARC21slim.xsd" xmlns="http://www.loc.gov/MARC21/slim">
<record>
  <leader>01322cam a2200265 i 4500</leader>
  <controlfield tag="001">2872092</controlfield>
  <controlfield tag="003">NNC</controlfield>
  <controlfield tag="005">20130520195859.0</controlfield>
  <controlfield tag="008">910222s1952    ua            000 0 arar </controlfield>
  <datafield tag="010" ind1=" " ind2=" ">
    <subfield code="a">   75960410 </subfield>
  </datafield>
  <datafield tag="035" ind1=" " ind2=" ">
    <subfield code="a">(OCoLC)ocm23137962</subfield>
  </datafield>
  <datafield tag="035" ind1=" " ind2=" ">
    <subfield code="9">ASA6682CU</subfield>
  </datafield>
  <datafield tag="035" ind1=" " ind2=" ">
    <subfield code="a">(NNC)2872092</subfield>
  </datafield>
  <datafield tag="035" ind1=" " ind2=" ">
    <subfield code="a">2872092</subfield>
  </datafield>
  <datafield tag="040" ind1=" " ind2=" ">
    <subfield code="a">DLC</subfield>
    <subfield code="c">WAU</subfield>
    <subfield code="d">ZCU</subfield>
  </datafield>
  <datafield tag="041" ind1="0" ind2=" ">
    <subfield code="a">arajav</subfield>
  </datafield>
  <datafield tag="050" ind1="0" ind2=" ">
    <subfield code="a">BP130.4</subfield>
    <subfield code="b">.B2916 1975</subfield>
  </datafield>
  <datafield tag="130" ind1="0" ind2=" ">
    <subfield code="a">Qurʼan.</subfield>
  </datafield>
  <datafield tag="245" ind1="1" ind2="3">
    <subfield code="a">al-Qurʾān al-karīm, wa-bi-hāmishihi Tarjumān al-mustafīd :</subfield>
    <subfield code="b">wa-huwa al-tarjamah al-Jāwīyah lil-tafsīr al-musammá Anwār al-tanzīl wa-asrār al-taʾwīl /</subfield>
    <subfield code="c">li-Nāṣir al-Dīn Abī Saʻīd ʻAbd Allāh ibn ʻUmar ibn Muḥammad al-Shirāzī al-Bayḍāwī / bi-qalam ʻAbd al-Raʾūf ibn ʻAlī al-Fanṣūrī al-Jāwī.</subfield>
  </datafield>
  <datafield tag="250" ind1=" " ind2=" ">
    <subfield code="a">al-Ṭabʻah 4., munaqqaḥah wa-mudhayyalah ṣaḥāʾifahu bi-maʻrifat muṣaḥḥiḥihi Idrīs ʻAbd al-Raʾūf al-Marbuwī al-Azharī, wa-murājaʻat ʻAlī Muḥammad al-Ḍabbāʻ.</subfield>
  </datafield>
  <datafield tag="260" ind1=" " ind2=" ">
    <subfield code="a">Miṣr :</subfield>
    <subfield code="b">Muṣṭafá al-Bābī al-Ḥalabī,</subfield>
    <subfield code="c">1950 i. e. 1952, 1975 printing.</subfield>
  </datafield>
  <datafield tag="300" ind1=" " ind2=" ">
    <subfield code="a">610 p. ;</subfield>
    <subfield code="c">34 cm.</subfield>
  </datafield>
  <datafield tag="630" ind1="0" ind2="0">
    <subfield code="a">Qurʼan</subfield>
    <subfield code="v">Commentaries.</subfield>
  </datafield>
  <datafield tag="700" ind1="1" ind2="2">
    <subfield code="a">Bayḍāwī, ʻAbd Allāh ibn ʻUmar,</subfield>
    <subfield code="d">-1286?</subfield>
    <subfield code="t">Anwār al-tanzīl wa-asrār al-taʼwīl.</subfield>
    <subfield code="l">Javanese.</subfield>
    <subfield code="f">1975.</subfield>
  </datafield>
  <datafield tag="955" ind1=" " ind2=" ">
    <subfield code="b">CU55313140</subfield>
    <subfield code="d">off,glx</subfield>
    <subfield code="e">BP130.4 .B2916 1975</subfield>
  </datafield>
</record>
</collection>